@misc {tslint,
	howpublished = {https://palantir.github.io/tslint/},
	title = {TSLint},
	publisher = {Palantir Technologies},
	year = {2016},
	note = {Accessed: 2018-03-01}
}

@misc {protocol,
	howpublished = {https://github.com/CS3099JH2017/cs3099jh/tree/master/protocols},
	title = {CS3099JH2017 Protocol},
	publisher = {CS3099 Year Group of 2017/18},
	year = {2018},
	note = {Accessed: 2018-03-02}
}

@misc {yarn,
	howpublished = {https://yarnpkg.com/en/docs},
	title = {Yarn},
	publisher = {Yarn Organization},
	note = {Accessed: 2018-03-02}
}

@misc {typescript,
	howpublished = {https://www.typescriptlang.org/docs/home.html},
	title = {TypeScript},
	publisher = {Microsoft},
	year = {2017},
	note = {Accessed: 2018-03-02}
}

@misc {sequelize,
	howpublished = {http://docs.sequelizejs.com/},
	title = {Sequelize},
	publisher = {Sequelize},
	note = {Accessed: 2018-03-02}
}

@misc {sequelize-typescript,
	howpublished = {https://github.com/RobinBuschmann/sequelize-typescript},
	title = {sequelize-typescript},
	publisher = {Robin Buschmann},
	note = {Accessed: 2018-03-02}
}

@misc {postgres,
	howpublished = {https://www.postgresql.org/docs/},
	title = {PostreSQL},
	publisher = {The PostgreSQL Global Development Group},
	year = {2018},
	note = {Accessed: 2018-03-02}
}

@misc {mocha,
	howpublished = {https://mochajs.org/},
	title = {Mocha},
	publisher = {mochajs},
	note = {Accessed: 2018-03-02}
}

@misc {mocha-each,
	howpublished = {https://github.com/ryym/mocha-each},
	title = {mocha-each},
	publisher = {ryym},
	note = {Accessed: 2018-03-02}
}

@misc {chai,
	howpublished = {http://chaijs.com/api/bdd/},
	title = {Chai Assertion Library},
	publisher = {chaijs},
	note = {Accessed: 2018-03-02}
}

@misc {chai-http,
	howpublished = {http://chaijs.com/plugins/chai-http/},
	title = {Chai HTTP},
	publisher = {chaijs},
	note = {Accessed: 2018-03-02}
}

@misc {express,
	howpublished = {https://expressjs.com/en/4x/api.html},
	title = {Express 4.x},
	publisher = {expressjs},
	year = {2017},
	note = {Accessed: 2018-03-02}
}

@misc {passport,
	howpublished = {http://www.passportjs.org/docs/},
	title = {Passport},
	publisher = {Jared Hanson},
	note = {Accessed: 2018-03-02}
}

@misc {passport-local,
	howpublished = {https://github.com/jaredhanson/passport-local},
	title = {passport-local},
	publisher = {Jared Hanson},
	note = {Accessed: 2018-03-02}
}

@misc {morgan,
	howpublished = {https://github.com/expressjs/morgan},
	title = {morgan},
	publisher = {expressjs},
	note = {Accessed: 2018-03-02}
}

@misc {typedoc,
	howpublished = {http://typedoc.org/guides/usage/},
	title = {TypeDoc},
	publisher = {TypeStrong},
	note = {Accessed: 2018-03-02}
}

@misc {xlsx,
	howpublished = {https://github.com/sheetjs/js-xlsx},
	title = {js-xlsx},
	publisher = {SheetJS},
	note = {Accessed: 2018-03-02}
}

@misc {docker,
	howpublished = {https://hub.docker.com/},
	title = {Docker Hub},
	publisher = {Docker Inc.},
	year = {2016},
	note = {Accessed: 2018-03-02}
}

@misc {@types,
	howpublished = {http://definitelytyped.org/},
	title = {DefinitelyTyped},
	publisher = {DefinitelyTyped},
	year = {2017},
	note = {Accessed: 2018-03-02}
}
